% Please insert references in the order they appear in the report document

%
% 1. Executive Summary
%

%
% 2. Introduction
@misc {jec-economic-fashion,
  author  = "Carolyn B. Maloney",
  title   = "The Economic Impact of the Fashion Industry",
  url     = "https://www.jec.senate.gov/public/_cache/files/39201d61-aec8-4458-80e8-2fe26ee8a31e/economic-impact-of-the-fashion-industry.pdf"
}

@misc {world-bank-enviro,
  author  = "The World Bank",
  title   = "How Much Do Our Wardrobes Cost to the Environment?",
  url     = "https://www.worldbank.org/en/news/feature/2019/09/23/costo-moda-medio-ambiente#:~:text=Every%20year%20the%20fashion%20industry,needs%20of%20five%20million%20people.&text=The%20fashion%20industry%20is%20responsible,flights%20and%20maritime%20shipping%20combined."
}

@misc{investopedia-fashion,
  author  = "Adam Hayes",
  title   = "Fast Fashion",
  url     = "https://www.investopedia.com/terms/f/fast-fashion.asp"
}

@misc{weforum-fashion,
  author  = "Morgan McFall-Johnsen",
  title   = "These facts show how unsustainable the fashion industry is",
  url     = "https://www.weforum.org/agenda/2020/01/fashion-industry-carbon-unsustainable-environment-pollution/#:~:text=Fashion%20production%20makes%20up%2010,to%20the%20dump%20each%20year.&text=Here%20are%20the%20most%20significant,has%20roughly%20doubled%20since%202000."
}

@misc{mckinsey-fashion,
  author  = "Achim Berg, Karl-Hendrik Magnus, Sara Kappelmark, Anna Granskog, Libbi Lee, Corinne Sawers, Poorni Polgampola, Morten Lehmann, Holly Syrett, Gizem Arici",
  title   = "Fashion on climate",
  url     = "https://www.mckinsey.com/industries/retail/our-insights/fashion-on-climate#"
}

@misc{forbes-sweatshops,
  author  = "Syama Meagher",
  title   = "The Not-So-Hidden Ethical Cost Of Fast Fashion: Sneaky Sweatshops In Our Own Backyard",
  url     = "https://www.forbes.com/sites/syamameagher/2020/02/05/the-not-so-hidden-ethical-cost-of-fast-fashion-sneaky-sweatshops-in-our-own-backyard/?sh=650177c025d1"
}
%

%
% 3. Design and Implementations
%

% 3.5 Risks Encountered and Mitigation
@misc {firebase-doc-auth,
  author  = "Google",
  title   = "Firebase Authentication",
  url     = "https://firebase.google.com/docs/auth"
}


%
% 4. Evaluation
%

%
% 5. Ethical Considerations
%
